@article{hamelryck2003pdb,
  title={PDB file parser and structure class implemented in Python},
  author={Hamelryck, Thomas and Manderick, Bernard},
  journal={Bioinformatics},
  volume={19},
  number={17},
  pages={2308--2310},
  year={2003},
  publisher={Oxford University Press}
}

%rt: RCSB PDB asks us to use this citation when referring to the Search API of which we are the fortunate beneficiaries.
@article{rose2021rcsb,
  title={RCSB Protein Data Bank: architectural advances towards integrated searching and efficient access to macromolecular structure data from the PDB archive},
  author={Rose, Yana and Duarte, Jose M and Lowe, Robert and Segura, Joan and Bi, Chunxiao and Bhikadiya, Charmi and Chen, Li and Rose, Alexander S and Bittrich, Sebastian and Burley, Stephen K and others},
  journal={Journal of molecular biology},
  volume={433},
  number={11},
  pages={166704},
  year={2021},
  publisher={Elsevier}
}

@article{apweiler2004uniprot,
  title={UniProt: the universal protein knowledgebase},
  author={Apweiler, Rolf and Bairoch, Amos and Wu, Cathy H and Barker, Winona C and Boeckmann, Brigitte and Ferro, Serenella and Gasteiger, Elisabeth and Huang, Hongzhan and Lopez, Rodrigo and Magrane, Michele and others},
  journal={Nucleic acids research},
  volume={32},
  number={suppl\_1},
  pages={D115--D119},
  year={2004},
  publisher={Oxford University Press}
}


@article{bailey2022concerted,
  title={Concerted modification of nucleotides at functional centers of the ribosome revealed by single-molecule RNA modification profiling},
  author={Bailey IV, Andrew D and Talkish, Jason and Ding, Hongxu and Igel, Haller A and Duran, Alejandra and Mantripragada, Shreya and Paten, Benedict and Ares Jr, Manuel},
  journal={Elife},
  volume={11},
  pages={e76562},
  year={2022},
  publisher={eLife Sciences Publications Limited}
}

@article{dao2019differences,
  title={Differences in the path to exit the ribosome across the three domains of life},
  author={Dao Duc, Khanh and Batra, Sanjit S and Bhattacharya, Nicholas and Cate, Jamie HD and Song, Yun S},
  journal={Nucleic acids research},
  volume={47},
  number={8},
  pages={4198--4210},
  year={2019},
  publisher={Oxford University Press}
}

@article{sehnal2013mole,
  title={MOLE 2.0: advanced approach for analysis of biomacromolecular channels},
  author={Sehnal, David and Va{\v{r}}ekov{\'a}, Radka Svobodov{\'a} and Berka, Karel and Pravda, Luk{\'a}{\v{s}} and Navr{\'a}tilov{\'a}, Veronika and Ban{\'a}{\v{s}}, Pavel and Ionescu, Crina-Maria and Otyepka, Michal and Ko{\v{c}}a, Jaroslav},
  journal={Journal of cheminformatics},
  volume={5},
  number={1},
  pages={39},
  year={2013},
  publisher={Springer}
}

@article{bernier2014ribovision,
  title={RiboVision suite for visualization and analysis of ribosomes},
  author={Bernier, Chad R and Petrov, Anton S and Waterbury, Chris C and Jett, James and Li, Fengbo and Freil, Larry E and Xiong, Xiao and Wang, Lan and Migliozzi, Blacki LR and Hershkovits, Eli and others},
  journal={Faraday discussions},
  volume={169},
  pages={195--207},
  year={2014},
  publisher={Royal Society of Chemistry}
}

@article{el2019pfam,
  title={The Pfam protein families database in 2019},
  author={El-Gebali, Sara and Mistry, Jaina and Bateman, Alex and Eddy, Sean R and Luciani, Aur{\'e}lien and Potter, Simon C and Qureshi, Matloob and Richardson, Lorna J and Salazar, Gustavo A and Smart, Alfredo and others},
  journal={Nucleic acids research},
  volume={47},
  number={D1},
  pages={D427--D432},
  year={2019},
  publisher={Oxford University Press}
}

@article{tesina2020molecular,
  title={Molecular mechanism of translational stalling by inhibitory codon combinations and poly (A) tracts},
  author={Tesina, Petr and Lessen, Laura N and Buschauer, Robert and Cheng, Jingdong and Wu, Colin Chih-Chien and Berninghausen, Otto and Buskirk, Allen R and Becker, Thomas and Beckmann, Roland and Green, Rachel},
  journal={The EMBO Journal},
  volume={39},
  number={3},
  pages={e103365},
  year={2020}
}
@article{stojkovic2020assessment,
  title={Assessment of the nucleotide modifications in the high-resolution cryo-electron microscopy structure of the Escherichia coli 50S subunit},
  author={Stojkovi{\'c}, Vanja and Myasnikov, Alexander G and Young, Iris D and Frost, Adam and Fraser, James S and Fujimori, Danica Galoni{\'c}},
  journal={Nucleic acids research},
  volume={48},
  number={5},
  pages={2723--2732},
  year={2020},
  publisher={Oxford University Press}
}
% ^latest 2 for 6t4q, 6pj6

@article{da2018graph,
  title={Graph databases in molecular biology},
  author={da Silva, Waldeyr MC and Wercelens, Polyane and Walter, Maria Em{\'\i}lia MT and Holanda, Maristela and Br{\'\i}gido, Marcelo},
  journal={Brazilian Symposium on Bioinformatics},
  volume={},
  pages={50--57},
  year={2018},
  publisher={Springer}
}


@article{larsen2019relating,
  title={Relating structure and dynamics in RNA biology},
  author={Larsen, Kevin P and Choi, Junhong and Prabhakar, Arjun and Puglisi, Elisabetta Viani and Puglisi, Joseph D},
  journal={Cold Spring Harbor perspectives in biology},
  volume={11},
  number={7},
  pages={a032474},
  year={2019},
  publisher={Cold Spring Harbor Lab}
}

@article{blum2021interpro,
  title={The InterPro protein families and domains database: 20 years on},
  author={Blum, Matthias and Chang, Hsin-Yu and Chuguransky, Sara and Grego, Tiago and Kandasaamy, Swaathi and Mitchell, Alex and Nuka, Gift and Paysan-Lafosse, Typhaine and Qureshi, Matloob and Raj, Shriya and others},
  journal={Nucleic acids research},
  volume={49},
  number={D1},
  pages={D344--D354},
  year={2021},
  publisher={Oxford University Press}
}

@software{pymol,
  author={Schr√∂dinger, LLC and Warren DeLano},
  title={PyMOL},
  url={http://www.pymol.org/pymol},
  version = {2.4.0},
  date = {2020-05-20},
}

@article{li2020fatcat,
  title={FATCAT 2.0: towards a better understanding of the structural diversity of proteins},
  author={Li, Zhanwen and Jaroszewski, Lukasz and Iyer, Mallika and Sedova, Mayya and Godzik, Adam},
  journal={Nucleic acids research},
  volume={48},
  number={W1},
  pages={W60--W64},
  year={2020},
  publisher={Oxford University Press}
}

@article{dao2019differences,
  title={Differences in the path to exit the ribosome across the three domains of life},
  author={Dao Duc, Khanh and Batra, Sanjit S and Bhattacharya, Nicholas and Cate, Jamie HD and Song, Yun S},
  journal={Nucleic acids research},
  volume={47},
  number={8},
  pages={4198--4210},
  year={2019},
  publisher={Oxford University Press}
}


@article{halfon2019exit,
  title={Exit tunnel modulation as resistance mechanism of S. aureus erythromycin resistant mutant},
  author={Halfon, Yehuda and Matzov, Donna and Eyal, Zohar and Bashan, Anat and Zimmerman, Ella and Kjeldgaard, Jette and Ingmer, Hanne and Yonath, Ada},
  journal={Scientific reports},
  volume={9},
  number={1},
  pages={1--8},
  year={2019},
  publisher={Nature Publishing Group}
}

@Article{shanmuganathan2019,
   Author="Shanmuganathan, V.  and Schiller, N.  and Magoulopoulou, A.  and Cheng, J.  and Braunger, K.  and Cymer, F.  and Berninghausen, O.  and Beatrix, B.  and Kohno, K.  and von Heijne, G.  and Beckmann, R. ",
   Title="{{S}tructural and mutational analysis of the ribosome-arresting human {X}{B}{P}1u}",
   Journal="Elife",
   Year="2019",
   Volume="8",
   Month="06"
}


% 31515389
@Article{saurer2019,
   Author="Saurer, M.  and Ramrath, D. J. F.  and Niemann, M.  and Calderaro, S.  and Prange, C.  and Mattei, S.  and Scaiola, A.  and Leitner, A.  and Bieri, P.  and Horn, E. K.  and Leibundgut, M.  and Boehringer, D.  and Schneider, A.  and Ban, N. ",
   Title="{{M}itoribosomal small subunit biogenesis in trypanosomes involves an extensive assembly machinery}",
   Journal="Science",
   Year="2019",
   Volume="365",
   Number="6458",
   Pages="1144--1149",
   Month="09"
}


@article{haselbach2017long,
  title={Long-range allosteric regulation of the human 26S proteasome by 20S proteasome-targeting cancer drugs},
  author={Haselbach, David and Schrader, Jil and Lambrecht, Felix and Henneberg, Fabian and Chari, Ashwin and Stark, Holger},
  journal={Nature communications},
  volume={8},
  number={1},
  pages={1--8},
  year={2017},
  publisher={Nature Publishing Group}
}


% 31378463
@article{cheng2019,
  title={Thermophile 90S pre-ribosome structures reveal the reverse order of co-transcriptional 18S rRNA subdomain integration},
  author={Cheng, Jingdong and Ba{\ss}ler, Jochen and Fischer, Paulina and Lau, Benjamin and Kellner, Nikola and Kunze, Ruth and Griesel, Sabine and Kallas, Martina and Berninghausen, Otto and Strauss, Daniela and others},
  journal={Molecular cell},
  volume={75},
  number={6},
  pages={1256--1269},
  year={2019},
  publisher={Elsevier}
}

@article{morgan2019,
  title={Cryo-electron Microscopy Structure of the Acinetobacter baumannii 70S Ribosome and Implications for New Antibiotic Development},
  author={Morgan, Christopher E and Huang, Wei and Rudin, Susan D and Taylor, Derek J and Kirby, James E and Bonomo, Robert A and Edward, W Yu},
  journal={Mbio},
  volume={11},
  number={1},
  year={2020},
  publisher={Am Soc Microbiol}
}

@article{bonomi2018simultaneous,
  title={Simultaneous determination of protein structure and dynamics using cryo-electron microscopy},
  author={Bonomi, Massimiliano and Pellarin, Riccardo and Vendruscolo, Michele},
  journal={Biophysical journal},
  volume={114},
  number={7},
  pages={1604--1613},
  year={2018},
  publisher={Elsevier}
}

% 31964740

% 31611393

@article{halfon2019,
  title={Structure of Pseudomonas aeruginosa ribosomes from an aminoglycoside-resistant clinical isolate},
  author={Halfon, Yehuda and Jimenez-Fernandez, Alicia and La Rosa, Ruggero and Portero, Rocio Espinosa and Johansen, Helle Krogh and Matzov, Donna and Eyal, Zohar and Bashan, Anat and Zimmerman, Ella and Belousoff, Matthew and others},
  journal={Proceedings of the National Academy of Sciences},
  volume={116},
  number={44},
  pages={22275--22281},
  year={2019},
  publisher={National Acad Sciences}
}


@article{orengo2020community,
title={A community proposal to integrate structural bioinformatics activities in ELIXIR (3D-Bioinfo Community)},
author={Orengo, Christine and Velankar, Sameer and Wodak, Shoshana and Zoete, Vincent and Bonvin, Alexandre MJJ and Elofsson, Arne and Feenstra, K Anton and Gerloff, Dietland L and Hamelryck, Thomas and Hancock, John M and others},
journal={F1000Research},
volume={9},
number={278},
pages={278},
year={2020},
publisher={F1000 Research Limited} }

@article{agirrezabala2012structural,
  title={Structural characterization of mRNA-tRNA translocation intermediates},
  author={Agirrezabala, Xabier and Liao, Hstau Y and Schreiner, Eduard and Fu, Jie and Ortiz-Meoz, Rodrigo F and Schulten, Klaus and Green, Rachel and Frank, Joachim},
  journal={Proceedings of the National Academy of Sciences},
  volume={109},
  number={16},
  pages={6094--6099},
  year={2012},
  publisher={National Acad Sciences}
}


@article{dana2019sifts,
  title={SIFTS: updated Structure Integration with Function, Taxonomy and Sequences resource allows 40-fold increase in coverage of structure-based annotations for proteins},
  author={Dana, Jose M and Gutmanas, Aleksandras and Tyagi, Nidhi and Qi, Guoying and O‚ÄôDonovan, Claire and Martin, Maria and Velankar, Sameer},
  journal={Nucleic acids research},
  volume={47},
  number={D1},
  pages={D482--D489},
  year={2019},
  publisher={Oxford University Press}
}

@article{punjani20203d,
  title={3D Variability Analysis: Directly resolving continuous flexibility and discrete heterogeneity from single particle cryo-EM images},
  author={Punjani, Ali and Fleet, David J},
  journal={bioRxiv},
  year={2020},
  publisher={Cold Spring Harbor Laboratory}
}

@article {ecoffet2020morphot,
	author = {Ecoffet, Arthur and Poitevin, Frederic and Dao Duc, Khanh},
	title = {MorphOT: Transport-based interpolation between EM maps with UCSF ChimeraX},
	journal = {bioRxiv},
	elocation-id = {2020.09.08.286302},
	year = {2020},
	doi = {10.1101/2020.09.08.286302},
	publisher = {Cold Spring Harbor Laboratory},
%	abstract = {Motivation: Cryogenic Electron-Microscopy offers the unique potential to capture conformational heterogeneity, by solving multiple 3D classes that co-exist within a single cryo-EM image dataset. To investigate the extent and implications of such heterogeneity, we propose to use an optimal-transport based metric to interpolate barycenters between EM maps and produce morphing trajectories. While standard linear interpolation mostly fails to produce realistic transitions, our method yields continuous trajectories that displace densities to morph one map into the other, instead of blending them. Implementation: Our method is implemented as a plug-in for ChimeraX called MorphOT, which allows the use of both CPU or GPU resources. The code is publicly available on GitHub (https://github.com/kdd-ubc/MorphOT.git), with documentation containing tutorial and datasets.Competing Interest StatementThe authors have declared no competing interest.},
%URL = {https://www.biorxiv.org/content/early/2020/09/09/2020.09.08.286302},
%	eprint = {https://www.biorxiv.org/content/early/2020/09/09/2020.09.08.286302.full.pdf},
}

@article{watson2020structure,
	author = {Watson, Zoe L. and Ward, Fred R. and M{\'e}heust, Rapha{\"e}l and Ad, Omer and Schepartz, Alanna and Banfield, Jillian F. and Cate, Jamie H.D.},
	title = {Structure of the Bacterial Ribosome at 2 {\r A} Resolution},
	elocation-id = {2020.06.26.174334},
	year = {2020},
	doi = {10.1101/2020.06.26.174334},
	publisher = {Cold Spring Harbor Laboratory},
	journal = {bioRxiv}
	%abstract = {Continuing advances in cryo-electron microscopy (cryo-EM) demonstrate the promise it holds for revealing biological structures at chemical resolution, in which noncovalent interactions, RNA and protein modifications, and solvation can be modeled accurately. At present, the best cryo-EM-derived models of the bacterial ribosome are of the large (50S) ribosomal subunit with effective global resolutions of 2.4-2.5 {\r A}, based on map-to-model Fourier shell correlation (FSC). Here we present a model of the E. coli 70S ribosome with an effective global resolution of 2.0 {\r A}, based on maps showcasing unambiguous positioning of residues, their detailed chemical interactions, and chemical modifications. These modifications include the first examples of isopeptide and thioamide backbone substitutions in ribosomal proteins, the former of which is likely conserved in all domains of life. The model also defines extensive solvation of the small (30S) ribosomal subunit for the first time, as well as interactions with A-site and P-site tRNAs, mRNA, and the antibiotic paromomycin. The high quality of the maps now allows a deeper phylogenetic analysis of ribosomal components, and identification of structural conservation to the level of solvation. The maps and models of the bacterial ribosome presented here should enable future structural analysis of the chemical basis for translation, and the development of robust tools for cryo-EM structure modeling and refinement.Competing Interest StatementThe authors have declared no competing interest.},
	%URL = {https://www.biorxiv.org/content/early/2020/06/26/2020.06.26.174334},
	%eprint = {https://www.biorxiv.org/content/early/2020/06/26/2020.06.26.174334.full.pdf},
}



@article{krupkin2016,
  title={Avilamycin and evernimicin induce structural changes in rProteins uL16 and CTC that enhance the inhibition of A-site tRNA binding},
  author={Krupkin, Miri and Wekselman, Itai and Matzov, Donna and Eyal, Zohar and Posner, Yael Diskin and Rozenberg, Haim and Zimmerman, Ella and Bashan, Anat and Yonath, Ada},
  journal={Proceedings of the National Academy of Sciences},
  volume={113},
  number={44},
  pages={E6796--E6805},
  year={2016},
  publisher={National Acad Sciences}
}

@article{schmidt2016,
  title={Structure of the hypusinylated eukaryotic translation factor eIF-5A bound to the ribosome},
  author={Schmidt, Christian and Becker, Thomas and Heuer, Andr{\'e} and Braunger, Katharina and Shanmuganathan, Vivekanandan and Pech, Markus and Berninghausen, Otto and Wilson, Daniel N and Beckmann, Roland},
  journal={Nucleic acids research},
  volume={44},
  number={4},
  pages={1944--1951},
  year={2016},
  publisher={Oxford University Press}
}

@article{wong2014,
  title={Cryo-EM structure of the Plasmodium falciparum 80S ribosome bound to the anti-protozoan drug emetine},
  author={Wong, Wilson and Bai, Xiao-chen and Brown, Alan and Fernandez, Israel S and Hanssen, Eric and Condron, Melanie and Tan, Yan Hong and Baum, Jake and Scheres, Sjors HW},
  journal={Elife},
  volume={3},
  pages={e03080},
  year={2014},
  publisher={eLife Sciences Publications Limited}
}

@article{matzov2017,
  title={Structural insights of lincosamides targeting the ribosome of Staphylococcus aureus},
  author={Matzov, Donna and Eyal, Zohar and Benhamou, Raphael I and Shalev-Benami, Moran and Halfon, Yehuda and Krupkin, Miri and Zimmerman, Ella and Rozenberg, Haim and Bashan, Anat and Fridman, Micha and others},
  journal={Nucleic acids research},
  volume={45},
  number={17},
  pages={10284--10292},
  year={2017},
  publisher={Oxford University Press}
}

@article{natchiar2017visualization,
  title={Visualization of chemical modifications in the human 80S ribosome structure},
  author={Natchiar, S Kundhavai and Myasnikov, Alexander G and Kratzat, Hanna and Hazemann, Isabelle and Klaholz, Bruno P},
  journal={Nature},
  volume={551},
  number={7681},
  pages={472--477},
  year={2017},
  publisher={Nature Publishing Group}
}


@article{kampen2020hallmarks,
  title={Hallmarks of ribosomopathies},
  author={Kampen, Kim R and Sulima, Sergey O and Vereecke, Stijn and De Keersmaecker, Kim},
  journal={Nucleic Acids Research},
  volume={48},
  number={3},
  pages={1013--1028},
  year={2020},
  publisher={Oxford University Press}
}



@article{kuhlbrandt2014resolution,
  title={The resolution revolution},
  author={K{\"u}hlbrandt, Werner},
  journal={Science},
  volume={343},
  number={6178},
  pages={1443--1444},
  year={2014},
  publisher={American Association for the Advancement of Science}
}



@article{subramaniam2016resolution,
  title={Resolution advances in cryo-EM enable application to drug discovery},
  author={Subramaniam, Sriram and Earl, Lesley A and Falconieri, Veronica and Milne, Jacqueline LS and Egelman, Edward H},
  journal={Current opinion in structural biology},
  volume={41},
  pages={194--202},
  year={2016},
  publisher={Elsevier}
}

@article{goudarzi2016role,
  title={Role of ribosomal protein mutations in tumor development},
  author={Goudarzi, Kaveh M and Lindstr{\"o}m, MIikael S},
  journal={International journal of oncology},
  volume={48},
  number={4},
  pages={1313--1324},
  year={2016},
  publisher={Spandidos Publications}
}

@article{morgan2020cryo,
  title={Cryo-electron Microscopy Structure of the Acinetobacter baumannii 70S Ribosome and Implications for New Antibiotic Development},
  author={Morgan, Christopher E and Huang, Wei and Rudin, Susan D and Taylor, Derek J and Kirby, James E and Bonomo, Robert A and Edward, W Yu},
  journal={Mbio},
  volume={11},
  number={1},
  year={2020},
  publisher={Am Soc Microbiol}
}

@article{khabibullina2019structure,
  title={Structure of dirithromycin bound to the bacterial ribosome suggests new ways for rational improvement of macrolides},
  author={Khabibullina, Nelli F and Tereshchenkov, Andrey G and Komarova, Ekaterina S and Syroegin, Egor A and Shiriaev, Dmitrii I and Paleskava, Alena and Kartsev, Victor G and Bogdanov, Alexey A and Konevega, Andrey L and Dontsova, Olga A and others},
  journal={Antimicrobial agents and chemotherapy},
  volume={63},
  number={6},
  year={2019},
  publisher={Am Soc Microbiol}
}

@article{travin2019structure,
  title={Structure of ribosome-bound azole-modified peptide phazolicin rationalizes its species-specific mode of bacterial translation inhibition},
  author={Travin, Dmitrii Y and Watson, Zoe L and Metelev, Mikhail and Ward, Fred R and Osterman, Ilya A and Khven, Irina M and Khabibullina, Nelli F and Serebryakova, Marina and Mergaert, Peter and Polikanov, Yury S and others},
  journal={Nature communications},
  volume={10},
  number={1},
  pages={1--11},
  year={2019},
  publisher={Nature Publishing Group}
}

@article{d2020mutational,
  title={Mutational characterization and mapping of the 70S ribosome active site},
  author={d‚ÄôAquino, Anne E and Azim, Tasfia and Aleksashin, Nikolay A and Hockenberry, Adam J and Kr{\"u}ger, Antje and Jewett, Michael C},
  journal={Nucleic acids research},
  volume={48},
  number={5},
  pages={2777--2789},
  year={2020},
  publisher={Oxford University Press}
}

@article{polikanov2018mechanisms,
  title={The mechanisms of action of ribosome-targeting peptide antibiotics},
  author={Polikanov, Yury S and Aleksashin, Nikolay A and Beckert, Bertrand and Wilson, Daniel N},
  journal={Frontiers in molecular biosciences},
  volume={5},
  pages={48},
  year={2018},
  publisher={Frontiers}
}

@article{yang2017structural,
  title={Structural insights into species-specific features of the ribosome from the human pathogen Mycobacterium tuberculosis},
  author={Yang, Kailu and Chang, Jeng-Yih and Cui, Zhicheng and Li, Xiaojun and Meng, Ran and Duan, Lijun and Thongchol, Jirapat and Jakana, Joanita and Huwe, Christoph M and Sacchettini, James C and others},
  journal={Nucleic acids research},
  volume={45},
  number={18},
  pages={10884--10894},
  year={2017},
  publisher={Oxford University Press}
}

@article{liu2016structure,
  title={Structure and assembly model for the Trypanosoma cruzi 60S ribosomal subunit},
  author={Liu, Zheng and Gutierrez-Vargas, Cristina and Wei, Jia and Grassucci, Robert A and Ramesh, Madhumitha and Espina, Noel and Sun, Ming and Tutuncuoglu, Beril and Madison-Antenucci, Susan and Woolford, John L and others},
  journal={Proceedings of the National Academy of Sciences},
  volume={113},
  number={43},
  pages={12174--12179},
  year={2016},
  publisher={National Acad Sciences}
}

@article{gabdulkhakov2013,
  title={Revisiting the Haloarcula marismortui 50S ribosomal subunit model},
  author={Gabdulkhakov, Azat and Nikonov, Stanislav and Garber, Maria},
  journal={Acta Crystallographica Section D: Biological Crystallography},
  volume={69},
  number={6},
  pages={997--1004},
  year={2013},
  publisher={International Union of Crystallography}
}

@article{polikanov2015structural,
  title={Structural insights into the role of rRNA modifications in protein synthesis and ribosome assembly},
  author={Polikanov, Yury S and Melnikov, Sergey V and S{\"o}ll, Dieter and Steitz, Thomas A},
  journal={Nature Structural and Molecular Biology},
  volume={22},
  number={4},
  pages={342},
  year={2015},
  publisher={Nature Publishing Group}
}

@article{gogala2014,
  title={Structures of the Sec61 complex engaged in nascent peptide translocation or membrane insertion},
  author={Gogala, Marko and Becker, Thomas and Beatrix, Birgitta and Armache, Jean-Paul and Barrio-Garcia, Clara and Berninghausen, Otto and Beckmann, Roland},
  journal={Nature},
  volume={506},
  number={7486},
  pages={107},
  year={2014},
  publisher={Nature Publishing Group}
}



@article{li2017,
  title={Cryo-EM structures of the 80S ribosomes from human parasites Trichomonas vaginalis and Toxoplasma gondii},
  author={Li, Zhifei and Guo, Qiang and Zheng, Lvqin and Ji, Yongsheng and Xie, Yi-Ting and Lai, De-Hua and Lun, Zhao-Rong and Suo, Xun and Gao, Ning},
  journal={Cell Research},
  volume={27},
  number={10},
  pages={1275},
  year={2017},
  publisher={Nature Publishing Group}
}



@article{hentschel2017,
  title={The complete structure of the mycobacterium smegmatis 70S ribosome},
  author={Hentschel, Jendrik and Burnside, Chloe and Mignot, Ingrid and Leibundgut, Marc and Boehringer, Daniel and Ban, Nenad},
  journal={Cell reports},
  volume={20},
  number={1},
  pages={149--160},
  year={2017},
  publisher={Elsevier}
}

@article{franken2017general,
  title={A general mechanism of ribosome dimerization revealed by single-particle cryo-electron microscopy},
  author={Franken, Linda E and Oostergetel, Gert T and Pijning, Tjaard and Puri, Pranav and Arkhipova, Valentina and Boekema, Egbert J and Poolman, Bert and Guskov, Albert},
  journal={Nature communications},
  volume={8},
  number={1},
  pages={722},
  year={2017},
  publisher={Nature Publishing Group}
}

@article{fischer2015structure,
  title={Structure of the E. coli ribosome--EF-Tu complex at< 3 {\AA} resolution by C s-corrected cryo-EM},
  author={Fischer, Niels and Neumann, Piotr and Konevega, Andrey L and Bock, Lars V and Ficner, Ralf and Rodnina, Marina V and Stark, Holger},
  journal={Nature},
  volume={520},
  number={7548},
  pages={567},
  year={2015},
  publisher={Nature Publishing Group}
}

@article{scaiola2019structural,
  title={Structural basis of translation inhibition by cadazolid, a novel quinoxolidinone antibiotic},
  author={Scaiola, Alain and Leibundgut, Marc and Boehringer, Daniel and Caspers, Patrick and Bur, Daniel and Locher, Hans H and Rueedi, Georg and Ritz, Daniel},
  journal={Scientific reports},
  volume={9},
  number={1},
  pages={1--9},
  year={2019},
  publisher={Nature Publishing Group}
}

@article{arenz2016combined,
  title={A combined cryo-EM and molecular dynamics approach reveals the mechanism of ErmBL-mediated translation arrest},
  author={Arenz, Stefan and Bock, Lars V and Graf, Michael and Innis, C Axel and Beckmann, Roland and Grubm{\"u}ller, Helmut and Vaiana, Andrea C and Wilson, Daniel N},
  journal={Nature communications},
  volume={7},
  pages={12026},
  year={2016},
  publisher={Nature Publishing Group}
}

@article{beckert2017,
  title={Structure of the Bacillus subtilis hibernating 100S ribosome reveals the basis for 70S dimerization},
  author={Beckert, Bertrand and Abdelshahid, Maha and Sch{\"a}fer, Heinrich and Steinchen, Wieland and Arenz, Stefan and Berninghausen, Otto and Beckmann, Roland and Bange, Gert and Turgay, K{\"u}r{\c{s}}ad and Wilson, Daniel N},
  journal={The EMBO journal},
  volume={36},
  number={14},
  pages={2061--2072},
  year={2017},
  publisher={EMBO Press}
}


@article{schmidt2015,
author = {Schmidt, Christian and Becker, Thomas and Heuer, Andr√© and Braunger, Katharina and Shanmuganathan, Vivekanandan and Pech, Markus and Berninghausen, Otto and Wilson, Daniel N. and Beckmann, Roland},
title = {Structure of the hypusinylated eukaryotic translation factor eIF-5A bound to the ribosome},
journal = {Nucleic Acids Research},
volume = {44},
number = {4},
pages = {1944},
year = {2016},
doi = {10.1093/nar/gkv1517},
URL = { + http://dx.doi.org/10.1093/nar/gkv1517},
eprint = {/oup/backfile/Content_public/Journal/nar/44/4/10.1093/nar/gkv1517/2/gkv1517.pdf}
}

@article{shao2016decoding,
  title={Decoding mammalian ribosome-mRNA states by translational GTPase complexes},
  author={Shao, Sichen and Murray, Jason and Brown, Alan and Taunton, Jack and Ramakrishnan, V and Hegde, Ramanujan S},
  journal={Cell},
  volume={167},
  number={5},
  pages={1229--1240},
  year={2016},
  publisher={Elsevier}
}

@article{hussain2016large,
  title={Large-scale movements of IF3 and tRNA during bacterial translation initiation},
  author={Hussain, Tanweer and Ll{\'a}cer, Jose L and Wimberly, Brian T and Kieft, Jeffrey S and Ramakrishnan, V},
  journal={Cell},
  volume={167},
  number={1},
  pages={133--144},
  year={2016},
  publisher={Elsevier}
}

@article{amunts2014,
  title={Structure of the yeast mitochondrial large ribosomal subunit},
  author={Amunts, Alexey and Brown, Alan and Bai, Xiao-chen and Ll{\'a}cer, Jose L and Hussain, Tanweer and Emsley, Paul and Long, Fei and Murshudov, Garib and Scheres, Sjors HW and Ramakrishnan, V},
  journal={Science},
  volume={343},
  number={6178},
  pages={1485--1489},
  year={2014},
  publisher={American Association for the Advancement of Science}
}

@article{ahmed2017,
  title={Unique localization of the plastid-specific ribosomal proteins in the chloroplast ribosome small subunit provides mechanistic insights into the chloroplastic translation},
  author={Ahmed, Tofayel and Shi, Jian and Bhushan, Shashi},
  journal={Nucleic acids research},
  volume={45},
  number={14},
  pages={8581--8595},
  year={2017},
  publisher={Oxford University Press}
}

% 31900355
@article{huang2020,
  title={Long-range interdomain communications in eIF5B regulate GTP hydrolysis and translation initiation},
  author={Huang, Bridget Y and Fern{\'a}ndez, Israel S},
  journal={Proceedings of the National Academy of Sciences},
  volume={117},
  number={3},
  pages={1429--1437},
  year={2020},
  publisher={National Acad Sciences}
}

% 30213880
@Article{ramrath2018,
   Author="Ramrath, D. J. F.  and Niemann, M.  and Leibundgut, M.  and Bieri, P.  and Prange, C.  and Horn, E. K.  and Leitner, A.  and Boehringer, D.  and Schneider, A.  and Ban, N. ",
   Title="{{E}volutionary shift toward protein-based architecture in trypanosomal mitochondrial ribosomes}",
   Journal="Science",
   Year="2018",
   Volume="362",
   Number="6413",
   Month="10"
}


@article{middleton2019comprehensive,
  title={Comprehensive catalog of dendritically localized mRNA isoforms from sub-cellular sequencing of single mouse neurons},
  author={Middleton, Sarah A and Eberwine, James and Kim, Junhyong},
  journal={BMC biology},
  volume={17},
  number={1},
  pages={5},
  year={2019},
  publisher={Springer}
}

@article{farley2019ribosomopathies,
  title={Ribosomopathies: old concepts, new controversies},
  author={Farley-Barnes, Katherine I and Ogawa, Lisa M and Baserga, Susan J},
  journal={Trends in Genetics},
  volume={35},
  number={10},
  pages={754--767},
  year={2019},
  publisher={Elsevier}
}

@article{frank2016continuous,
  title={Continuous changes in structure mapped by manifold embedding of single-particle data in cryo-EM},
  author={Frank, Joachim and Ourmazd, Abbas},
  journal={Methods},
  volume={100},
  pages={61--67},
  year={2016},
  publisher={Elsevier}
}

@article{slavov2015differential,
  title={Differential stoichiometry among core ribosomal proteins},
  author={Slavov, Nikolai and Semrau, Stefan and Airoldi, Edoardo and Budnik, Bogdan and van Oudenaarden, Alexander},
  journal={Cell reports},
  volume={13},
  number={5},
  pages={865--873},
  year={2015},
  publisher={Elsevier}
}

@article{shi2017heterogeneous,
  title={Heterogeneous ribosomes preferentially translate distinct subpools of mRNAs genome-wide},
  author={Shi, Zhen and Fujii, Kotaro and Kovary, Kyle M and Genuth, Naomi R and R{\"o}st, Hannes L and Teruel, Mary N and Barna, Maria},
  journal={Molecular cell},
  volume={67},
  number={1},
  pages={71--83},
  year={2017},
  publisher={Elsevier}
}

@article{bauer2013specialized,
  title={Specialized yeast ribosomes: a customized tool for selective mRNA translation},
  author={Bauer, Johann W and Brandl, Clemens and Haubenreisser, Olaf and Wimmer, Bjoern and Weber, Manuela and Karl, Thomas and Klausegger, Alfred and Breitenbach, Michael and Hintner, Helmut and von der Haar, Tobias and others},
  journal={PLoS One},
  volume={8},
  number={7},
  year={2013},
  publisher={Public Library of Science}
}

@article{shigeoka2019site,
  title={On-site ribosome remodeling by locally synthesized ribosomal proteins in axons},
  author={Shigeoka, Toshiaki and Koppers, Max and Wong, Hovy Ho-Wai and Lin, Julie Qiaojin and Cagnetta, Roberta and Dwivedy, Asha and de Freitas Nascimento, Janaina and van Tartwijk, Francesca W and Str{\"o}hl, Florian and Cioni, Jean-Michel and others},
  journal={Cell Reports},
  volume={29},
  number={11},
  pages={3605--3619},
  year={2019},
  publisher={Elsevier}
}

@article{mazare2020local,
  title={Local translation in perisynaptic astrocytic processes is specific and regulated by fear conditioning},
  author={Mazar{\'e}, No{\'e}mie and Oudart, Marc and Moulard, Julien and Cheung, Giselle and Tortuyaux, Romain and Mailly, Philippe and Mazaud, David and Bemelmans, Alexis-Pierre and Boulay, Anne-Cecile and Blugeon, Corinne and others},
  journal={bioRxiv},
  year={2020},
  publisher={Cold Spring Harbor Laboratory}
}

@article{roberts2008molecular,
  title={Molecular signatures of ribosomal evolution},
  author={Roberts, Elijah and Sethi, Anurag and Montoya, Jonathan and Woese, Carl R and Luthey-Schulten, Zaida},
  journal={Proceedings of the National Academy of Sciences},
  volume={105},
  number={37},
  pages={13953--13958},
  year={2008},
  publisher={National Acad Sciences}
}

@article{gomez2017ribosomal,
  title={Ribosomal mutations promote the evolution of antibiotic resistance in a multidrug environment},
  author={Gomez, James E and Kaufmann-Malaga, Benjamin B and Wivagg, Carl N and Kim, Peter B and Silvis, Melanie R and Renedo, Nikolai and Ioerger, Thomas R and Ahmad, Rushdy and Livny, Jonathan and Fishbein, Skye and others},
  journal={Elife},
  volume={6},
  pages={e20420},
  year={2017},
  publisher={eLife Sciences Publications Limited}
}

@article{sauert2015heterogeneity,
  title={Heterogeneity of the translational machinery: Variations on a common theme},
  author={Sauert, Martina and Temmel, Hannes and Moll, Isabella},
  journal={Biochimie},
  volume={114},
  pages={39--47},
  year={2015},
  publisher={Elsevier}
}

@article{brandman2012sequence,
  title={Sequence coevolution between RNA and protein characterized by mutual information between residue triplets},
  author={Brandman, Relly and Brandman, Yigal and Pande, Vijay S},
  journal={PloS one},
  volume={7},
  number={1},
  year={2012},
  publisher={Public Library of Science}
}

@article{melnikov2020archaeal,
  title={Archaeal ribosomal proteins possess nuclear localization signal-type motifs: implications for the origin of the cell nucleus},
  author={Melnikov, Sergey and Kwok, Hui-Si and Manakongtreecheep, Kasidet and van den Elzen, Antonia and Thoreen, Carson C and S{\"o}ll, Dieter},
  journal={Molecular Biology and Evolution},
  volume={37},
  number={1},
  pages={124--133},
  year={2020},
  publisher={Oxford University Press}
}

@article{gumiero2016interaction,
  title={Interaction of the cotranslational Hsp70 Ssb with ribosomal proteins and rRNA depends on its lid domain},
  author={Gumiero, Andrea and Conz, Charlotte and Ges{\'e}, Gen{\'\i}s Valent{\'\i}n and Zhang, Ying and Weyer, Felix Alexander and Lapouge, Karine and Kappes, Julia and Von Plehwe, Ulrike and Schermann, G{\'e}za and Fitzke, Edith and others},
  journal={Nature communications},
  volume={7},
  number={1},
  pages={1--12},
  year={2016},
  publisher={Nature Publishing Group}
}

@article{simsek2017mammalian,
  title={The mammalian ribo-interactome reveals ribosome functional diversity and heterogeneity},
  author={Simsek, Deniz and Tiu, Gerald C and Flynn, Ryan A and Byeon, Gun W and Leppek, Kathrin and Xu, Adele F and Chang, Howard Y and Barna, Maria},
  journal={Cell},
  volume={169},
  number={6},
  pages={1051--1065},
  year={2017},
  publisher={Elsevier}
}

@article{petrov2014secondary,
  title={Secondary structures of rRNAs from all three domains of life},
  author={Petrov, Anton S and Bernier, Chad R and Gulen, Burak and Waterbury, Chris C and Hershkovits, Eli and Hsiao, Chiaolong and Harvey, Stephen C and Hud, Nicholas V and Fox, George E and Wartell, Roger M and others},
  journal={PLoS One},
  volume={9},
  number={2},
  year={2014},
  publisher={Public Library of Science}
}

@article{burley2022rcsb,
  title={RCSB Protein Data Bank: Celebrating 50 years of the PDB with new tools for understanding and visualizing biological macromolecules in 3D},
  author={Burley, Stephen K and Bhikadiya, Charmi and Bi, Chunxiao and Bittrich, Sebastian and Chen, Li and Crichlow, Gregg V and Duarte, Jose M and Dutta, Shuchismita and Fayazi, Maryam and Feng, Zukang and others},
  journal={Protein Science},
  volume={31},
  number={1},
  pages={187--208},
  year={2022},
  publisher={Wiley Online Library}
}

@article{tamm2019functional,
  title={Functional interactions of ribosomal intersubunit bridges in Saccharomyces cerevisiae},
  author={Tamm, Tiina and Kisly, Ivan and Remme, Jaanus},
  journal={Genetics},
  volume={213},
  number={4},
  pages={1329--1339},
  year={2019},
  publisher={Genetics Soc America}
}

@article{caetano2015computing,
  title={Computing the origin and evolution of the ribosome from its structure‚ÄîUncovering processes of macromolecular accretion benefiting synthetic biology},
  author={Caetano-Anoll{\'e}s, Gustavo and Caetano-Anoll{\'e}s, Derek},
  journal={Computational and structural biotechnology journal},
  volume={13},
  pages={427--447},
  year={2015},
  publisher={Elsevier}
}

@article{klinge2019ribosome,
  title={Ribosome assembly coming into focus},
  author={Klinge, Sebastian and Woolford, John L},
  journal={Nature reviews Molecular cell biology},
  volume={20},
  number={2},
  pages={116--131},
  year={2019},
  publisher={Nature Publishing Group}
}

@article{dresios2000yeast,
  title={Yeast ribosomal protein L24 affects the kinetics of protein synthesis and ribosomal protein L39 improves translational accuracy, while mutants lacking both remain viable},
  author={Dresios, John and Derkatch, Irina L and Liebman, Susan W and Synetos, Dennis},
  journal={Biochemistry},
  volume={39},
  number={24},
  pages={7236--7244},
  year={2000},
  publisher={ACS Publications}
}

@article{petrone2008side,
  title={Side-chain recognition and gating in the ribosome exit tunnel},
  author={Petrone, Paula M and Snow, Christopher D and Lucent, Del and Pande, Vijay S},
  journal={Proceedings of the National Academy of Sciences},
  volume={105},
  number={43},
  pages={16549--16554},
  year={2008},
  publisher={National Acad Sciences}
}

@article{tu2005structures,
  title={Structures of MLSBK antibiotics bound to mutated large ribosomal subunits provide a structural explanation for resistance},
  author={Tu, Daqi and Blaha, Gregor and Moore, Peter B and Steitz, Thomas A},
  journal={Cell},
  volume={121},
  number={2},
  pages={257--270},
  year={2005},
  publisher={Elsevier}
}

@article{kudva2018shape,
  title={The shape of the bacterial ribosome exit tunnel affects cotranslational protein folding},
  author={Kudva, Renuka and Tian, Pengfei and Pardo-Avila, F{\'a}tima and Carroni, Marta and Best, Robert B and Bernstein, Harris D and Von Heijne, Gunnar},
  journal={Elife},
  volume={7},
  pages={e36326},
  year={2018},
  publisher={eLife Sciences Publications Limited}
}

@article{nissley2020electrostatic,
  title={Electrostatic interactions govern extreme nascent protein ejection times from ribosomes and can delay ribosome recycling},
  author={Nissley, Daniel A and Vu, Quyen V and Trovato, Fabio and Ahmed, Nabeel and Jiang, Yang and Li, Mai Suan and O‚ÄôBrien, Edward P},
  journal={Journal of the American Chemical Society},
  volume={142},
  number={13},
  pages={6103--6110},
  year={2020},
  publisher={ACS Publications}
}

@article{daoduc2018impact,
  title={The impact of ribosomal interference, codon usage, and exit tunnel interactions on translation elongation rate variation},
  author={Dao Duc, Khanh and Song, Yun S},
  journal={PLoS genetics},
  volume={14},
  number={1},
  pages={e1007166},
  year={2018},
  publisher={Public Library of Science}
}

@article{pravda2018moleonline,
  title={MOLEonline: a web-based tool for analyzing channels, tunnels and pores (2018 update)},
  author={Pravda, Luk{\'a}{\v{s}} and Sehnal, David and Tou{\v{s}}ek, Dominik and Navr{\'a}tilov{\'a}, Veronika and Bazgier, V{\'a}clav and Berka, Karel and Svobodov{\'a} Va{\v{r}}ekov{\'a}, Radka and Ko{\v{c}}a, Jaroslav and Otyepka, Michal},
  journal={Nucleic acids research},
  volume={46},
  number={W1},
  pages={W368--W373},
  year={2018},
  publisher={Oxford University Press}
}

@article{wilson2009alpha,
  title={Alpha shapes applied to molecular shape characterization exhibit novel properties compared to established shape descriptors},
  author={Wilson, J Anthony and Bender, Andreas and Kaya, Taner and Clemons, Paul A},
  journal={Journal of chemical information and modeling},
  volume={49},
  number={10},
  pages={2231--2241},
  year={2009},
  publisher={ACS Publications}
}

@article{zaman2007novel,
  title={Novel mutations in ribosomal proteins L4 and L22 that confer erythromycin resistance in Escherichia coli},
  author={Zaman, Sephorah and Fitzpatrick, Megan and Lindahl, Lasse and Zengel, Janice},
  journal={Molecular microbiology},
  volume={66},
  number={4},
  pages={1039--1050},
  year={2007},
  publisher={Wiley Online Library}
}

@article{fedyukina2014charge,
  title={Charge segregation and low hydrophobicity are key features of ribosomal proteins from different organisms},
  author={Fedyukina, Daria V and Jennaro, Theodore S and Cavagnero, Silvia},
  journal={Journal of Biological Chemistry},
  volume={289},
  number={10},
  pages={6740--6750},
  year={2014},
  publisher={ASBMB}
}

@article{akkiraju1995alpha,
  title={Alpha shapes: definition and software},
  author={Akkiraju, Nataraj and Edelsbrunner, Herbert and Facello, Michael and Fu, Ping and Mucke, EP and Varela, Carlos},
  journal={Proceedings of the 1st International Computational Geometry Software Workshop},
  volume={63},
  pages={66},
  year={1995}
}

@article{manak2017hybrid,
  title={Hybrid Voronoi diagrams, their computation and reduction for applications in computational biochemistry},
  author={Manak, Martin and Zemek, Michal and Szkandera, Jakub and Kolingerova, Ivana and Papaleo, Elena and Lambrughi, Matteo},
  journal={Journal of Molecular Graphics and Modelling},
  volume={74},
  pages={225--233},
  year={2017},
  publisher={Elsevier}
}

@article{kim2019mgos,
  title={MGOS: A library for molecular geometry and its operating system},
  author={Kim, Deok-Soo and Ryu, Joonghyun and Cho, Youngsong and Lee, Mokwon and Cha, Jehyun and Song, Chanyoung and Kim, Sang Wha and Laskowski, Roman A and Sugihara, Kokichi and Bhak, Jong and others},
  journal={Computer Physics Communications},
  pages={107101},
  year={2019},
  publisher={Elsevier}
}

@article{li2019structural,
  title={Structural basis for selective stalling of human ribosome nascent chain complexes by a drug-like molecule},
  author={Li, Wenfei and Ward, Fred R and McClure, Kim F and Chang, Stacey Tsai-Lan and Montabana, Elizabeth and Liras, Spiros and Dullea, Robert G and Cate, Jamie HD},
  journal={Nature structural \& molecular biology},
  volume={26},
  number={6},
  pages={501--509},
  year={2019},
  publisher={Nature Publishing Group}
}

@article{de2014structural,
  title={Structural basis for the inhibition of the eukaryotic ribosome},
  author={de Loubresse, Nicolas Garreau and Prokhorova, Irina and Holtkamp, Wolf and Rodnina, Marina V and Yusupova, Gulnara and Yusupov, Marat},
  journal={Nature},
  volume={513},
  number={7519},
  pages={517--522},
  year={2014},
  publisher={Nature Publishing Group}
}


@article{myasnikov2016structure,
  title={Structure--function insights reveal the human ribosome as a cancer target for antibiotics},
  author={Myasnikov, Alexander G and Natchiar, S Kundhavai and Nebout, Marielle and Hazemann, Isabelle and Imbert, V{\'e}ronique and Khatter, Heena and Peyron, Jean-Fran{\c{c}}ois and Klaholz, Bruno P},
  journal={Nature communications},
  volume={7},
  number={1},
  pages={1--8},
  year={2016},
  publisher={Nature Publishing Group}
}

@article{pichkur2020insights,
  title={Insights into the improved macrolide inhibitory activity from the high-resolution cryo-EM structure of dirithromycin bound to the E. coli 70S ribosome},
  author={Pichkur, Evgeny B and Paleskava, Alena and Tereshchenkov, Andrey G and Kasatsky, Pavel and Komarova, Ekaterina S and Shiriaev, Dmitrii I and Bogdanov, Alexey A and Dontsova, Olga A and Osterman, Ilya A and Sergiev, Petr V and others},
  journal={RNA},
  volume={26},
  number={6},
  pages={715--723},
  year={2020},
  publisher={Cold Spring Harbor Lab}
}

@article{gilles2020targeting,
  title={Targeting the human 80S ribosome in cancer: From structure to function and drug design for innovative adjuvant therapeutic strategies},
  author={Gilles, Arnaud and Frechin, L{\'e}o and Natchiar, Kundhavai and Biondani, Giulia and Loeffelholz, Ottilie von and Holvec, Samuel and Malaval, Julie-Lisa and Winum, Jean-Yves and Klaholz, Bruno P and Peyron, Jean-Fran{\c{c}}ois},
  journal={Cells},
  volume={9},
  number={3},
  pages={629},
  year={2020},
  publisher={Multidisciplinary Digital Publishing Institute}
}

@article{seddon2018alignment,
  title={Alignment-Free Molecular Shape Comparison Using Spectral Geometry: The Framework},
  author={Seddon, Matthew P and Cosgrove, David A and Packer, Martin J and Gillet, Valerie J},
  journal={Journal of chemical information and modeling},
  volume={59},
  number={1},
  pages={98--116},
  year={2018},
  publisher={ACS Publications}
}

@article{wilson2012structure,
  title={The structure and function of the eukaryotic ribosome},
  author={Wilson, Daniel N and Cate, Jamie H Doudna},
  journal={Cold Spring Harbor perspectives in biology},
  volume={4},
  number={5},
  pages={a011536},
  year={2012},
  publisher={Cold Spring Harbor Lab}
}

@article{wilson2014ribosome,
  title={Ribosome-targeting antibiotics and mechanisms of bacterial resistance},
  author={Wilson, Daniel N},
  journal={Nature Reviews Microbiology},
  volume={12},
  number={1},
  pages={35--48},
  year={2014},
  publisher={Nature Publishing Group}
}

@article{long2009single,
  title={Single 23S rRNA mutations at the ribosomal peptidyl transferase centre confer resistance to valnemulin and other antibiotics in Mycobacterium smegmatis by perturbation of the drug binding pocket},
  author={Long, Katherine S and Poehlsgaard, Jacob and Hansen, Lykke H and Hobbie, Sven N and B{\"o}ttger, Erik C and Vester, Birte},
  journal={Molecular microbiology},
  volume={71},
  number={5},
  pages={1218--1227},
  year={2009},
  publisher={Wiley Online Library}
}

@article{vazquez2018macrolide,
  title={How macrolide antibiotics work},
  author={V{\'a}zquez-Laslop, Nora and Mankin, Alexander S},
  journal={Trends in biochemical sciences},
  volume={43},
  number={9},
  pages={668--684},
  year={2018},
  publisher={Elsevier}
}

@article{li2022crispri,
  title={CRISPRi chemical genetics and comparative genomics identify genes mediating drug potency in Mycobacterium tuberculosis},
  author={Li, Shuqi and Poulton, Nicholas C and Chang, Jesseon S and Azadian, Zachary A and DeJesus, Michael A and Ruecker, Nadine and Zimmerman, Matthew D and Eckartt, Kathryn A and Bosch, Barbara and Engelhart, Curtis A and others},
  journal={Nature Microbiology},
  pages={1--14},
  year={2022},
  publisher={Nature Publishing Group}
}

@article{doris2015universal,
  title={Universal and domain-specific sequences in 23S--28S ribosomal RNA identified by computational phylogenetics},
  author={Doris, Stephen M and Smith, Deborah R and Beamesderfer, Julia N and Raphael, Benjamin J and Nathanson, Judith A and Gerbi, Susan A},
  journal={Rna},
  volume={21},
  number={10},
  pages={1719--1730},
  year={2015},
  publisher={Cold Spring Harbor Lab}
}

@book{ito2014regulatory,
  title={Regulatory Nascent Polypeptides},
  author={Ito, Koreaki},
  year={2014},
  publisher={Springer}
}

@article{d2019mutating,
  title={Mutating the Ribosome Peptidyl Transferase Center In Vitro},
  author={d‚ÄôAquino, Anne and Azim, Tasfia and Aleksashin, Nikolay and Hockenberry, Adam and Hoang, Kim and DeFoe, Alysse and Jewett, Michael},
  journal={The FASEB Journal},
  volume={33},
  number={1\_supplement},
  pages={628--1},
  year={2019},
  publisher={The Federation of American Societies for Experimental Biology}
}

@article{sato2006comprehensive,
  title={Comprehensive genetic selection revealed essential bases in the peptidyl-transferase center},
  author={Sato, Neuza Satomi and Hirabayashi, Naomi and Agmon, Ilana and Yonath, Ada and Suzuki, Tsutomu},
  journal={Proceedings of the National Academy of Sciences},
  volume={103},
  number={42},
  pages={15386--15391},
  year={2006},
  publisher={National Acad Sciences}
}

@article{sehnal2021mol,
  title={Mol* Viewer: modern web app for 3D visualization and analysis of large biomolecular structures},
  author={Sehnal, David and Bittrich, Sebastian and Deshpande, Mandar and Svobodov{\'a}, Radka and Berka, Karel and Bazgier, V{\'a}clav and Velankar, Sameer and Burley, Stephen K and Ko{\v{c}}a, Jaroslav and Rose, Alexander S},
  journal={Nucleic Acids Research},
  volume={49},
  number={W1},
  pages={W431--W437},
  year={2021},
  publisher={Oxford University Press}
}

@article{doris2015universal,
  title={Universal and domain-specific sequences in 23S--28S ribosomal RNA identified by computational phylogenetics},
  author={Doris, Stephen M and Smith, Deborah R and Beamesderfer, Julia N and Raphael, Benjamin J and Nathanson, Judith A and Gerbi, Susan A},
  journal={Rna},
  volume={21},
  number={10},
  pages={1719--1730},
  year={2015},
  publisher={Cold Spring Harbor Lab}
}

@article{penev2021proteovision,
  title={ProteoVision: web server for advanced visualization of ribosomal proteins},
  author={Penev, Petar I and McCann, Holly M and Meade, Caeden D and Alvarez-Carre{\~n}o, Claudia and Maddala, Aparna and Bernier, Chad R and Chivukula, Vasanta L and Ahmad, Maria and Gulen, Burak and Sharma, Aakash and others},
  journal={Nucleic acids research},
  volume={49},
  number={W1},
  pages={W578--W588},
  year={2021},
  publisher={Oxford University Press}
}

@article{petrov2014evolution,
  title={Evolution of the ribosome at atomic resolution},
  author={Petrov, Anton S and Bernier, Chad R and Hsiao, Chiaolong and Norris, Ashlyn M and Kovacs, Nicholas A and Waterbury, Chris C and Stepanov, Victor G and Harvey, Stephen C and Fox, George E and Wartell, Roger M and others},
  journal={Proceedings of the National Academy of Sciences},
  volume={111},
  number={28},
  pages={10251--10256},
  year={2014},
  publisher={National Acad Sciences}
}

@article{bernier2014ribovision,
  title={RiboVision suite for visualization and analysis of ribosomes},
  author={Bernier, Chad R and Petrov, Anton S and Waterbury, Chris C and Jett, James and Li, Fengbo and Freil, Larry E and Xiong, Xiao and Wang, Lan and Migliozzi, Blacki LR and Hershkovits, Eli and others},
  journal={Faraday discussions},
  volume={169},
  pages={195--207},
  year={2014},
  publisher={Royal Society of Chemistry}
}

@article{caetano2015computing,
  title={Computing the origin and evolution of the ribosome from its structure‚ÄîUncovering processes of macromolecular accretion benefiting synthetic biology},
  author={Caetano-Anoll{\'e}s, Gustavo and Caetano-Anoll{\'e}s, Derek},
  journal={Computational and structural biotechnology journal},
  volume={13},
  pages={427--447},
  year={2015},
  publisher={Elsevier}
}

@article{agmon2018hypothesis,
  title={Hypothesis: spontaneous advent of the prebiotic translation system via the accumulation of L-shaped RNA elements},
  author={Agmon, Ilana},
  journal={International journal of molecular sciences},
  volume={19},
  number={12},
  pages={4021},
  year={2018},
  publisher={Multidisciplinary Digital Publishing Institute}
}

@article{petrov2015history,
  title={History of the ribosome and the origin of translation},
  author={Petrov, Anton S and Gulen, Burak and Norris, Ashlyn M and Kovacs, Nicholas A and Bernier, Chad R and Lanier, Kathryn A and Fox, George E and Harvey, Stephen C and Wartell, Roger M and Hud, Nicholas V and others},
  journal={Proceedings of the National Academy of Sciences},
  volume={112},
  number={50},
  pages={15396--15401},
  year={2015},
  publisher={National Acad Sciences}
}

@article{cole2014ribosomal,
  title={Ribosomal Database Project: data and tools for high throughput rRNA analysis},
  author={Cole, James R and Wang, Qiong and Fish, Jordan A and Chai, Benli and McGarrell, Donna M and Sun, Yanni and Brown, C Titus and Porras-Alfaro, Andrea and Kuske, Cheryl R and Tiedje, James M},
  journal={Nucleic acids research},
  volume={42},
  number={D1},
  pages={D633--D642},
  year={2014},
  publisher={Oxford University Press}
}

@article{letsch2010impact,
  title={The impact of rRNA secondary structure consideration in alignment and tree reconstruction: simulated data and a case study on the phylogeny of hexapods},
  author={Letsch, Harald O and K{\"u}ck, Patrick and Stocsits, Roman R and Misof, Bernhard},
  journal={Molecular biology and evolution},
  volume={27},
  number={11},
  pages={2507--2521},
  year={2010},
  publisher={Oxford University Press}
}

@article{maidak2000rdp,
  title={The RDP (ribosomal database project) continues},
  author={Maidak, Bonnie L and Cole, James R and Lilburn, Timothy G and Parker Jr, Charles T and Saxman, Paul R and Stredwick, Jason M and Garrity, George M and Li, Bing and Olsen, Gary J and Pramanik, Sakti and others},
  journal={Nucleic acids research},
  volume={28},
  number={1},
  pages={173--174},
  year={2000},
  publisher={Oxford University Press}
}

@article{petrov2014secondary,
  title={Secondary structures of rRNAs from all three domains of life},
  author={Petrov, Anton S and Bernier, Chad R and Gulen, Burak and Waterbury, Chris C and Hershkovits, Eli and Hsiao, Chiaolong and Harvey, Stephen C and Hud, Nicholas V and Fox, George E and Wartell, Roger M and others},
  journal={PLoS One},
  volume={9},
  number={2},
  year={2014},
  publisher={Public Library of Science}
}

@article{smit2007evolutionary,
  title={Evolutionary rates vary among rRNA structural elements},
  author={Smit, Sandra and Widmann, Jeremy and Knight, Rob},
  journal={Nucleic acids research},
  volume={35},
  number={10},
  pages={3339--3354},
  year={2007},
  publisher={Oxford University Press}
}

@article{gutell2002accuracy,
  title={The accuracy of ribosomal RNA comparative structure models},
  author={Gutell, Robin R and Lee, Jung C and Cannone, Jamie J},
  journal={Current opinion in structural biology},
  volume={12},
  number={3},
  pages={301--310},
  year={2002},
  publisher={Elsevier}
}

@article{mindell1990ribosomal,
  title={Ribosomal RNA in vertebrates: evolution and phylogenetic applications},
  author={Mindell, David P and Honeycutt, Rodney L},
  journal={Annual Review of Ecology and Systematics},
  volume={21},
  number={1},
  pages={541--566},
  year={1990},
  publisher={Annual Reviews 4139 El Camino Way, PO Box 10139, Palo Alto, CA 94303-0139, USA}
}

@article{glockner201725,
  title={25 years of serving the community with ribosomal RNA gene reference databases and tools},
  author={Gl{\"o}ckner, Frank Oliver and Yilmaz, Pelin and Quast, Christian and Gerken, Jan and Beccati, Alan and Ciuprina, Andreea and Bruns, Gerrit and Yarza, Pablo and Peplies, J{\"o}rg and Westram, Ralf and others},
  journal={Journal of biotechnology},
  volume={261},
  pages={169--176},
  year={2017},
  publisher={Elsevier}
}

@article{quast2012silva,
  title={The SILVA ribosomal RNA gene database project: improved data processing and web-based tools},
  author={Quast, Christian and Pruesse, Elmar and Yilmaz, Pelin and Gerken, Jan and Schweer, Timmy and Yarza, Pablo and Peplies, J{\"o}rg and Gl{\"o}ckner, Frank Oliver},
  journal={Nucleic acids research},
  volume={41},
  number={D1},
  pages={D590--D596},
  year={2012},
  publisher={Oxford University Press}
}

@article{cole2014ribosomal,
  title={Ribosomal Database Project: data and tools for high throughput rRNA analysis},
  author={Cole, James R and Wang, Qiong and Fish, Jordan A and Chai, Benli and McGarrell, Donna M and Sun, Yanni and Brown, C Titus and Porras-Alfaro, Andrea and Kuske, Cheryl R and Tiedje, James M},
  journal={Nucleic acids research},
  volume={42},
  number={D1},
  pages={D633--D642},
  year={2014},
  publisher={Oxford University Press}
}

@article{cole2003ribosomal,
  title={The Ribosomal Database Project (RDP-II): previewing a new autoaligner that allows regular updates and the new prokaryotic taxonomy},
  author={Cole, James R and Chai, Benli and Marsh, Terry L. and Farris, Ryan J and Wang, Qiong and Kulam, SA and Chandra, S and McGarrell, Donna M and Schmidt, Thomas M. and Garrity, George M. and others},
  journal={Nucleic acids research},
  volume={31},
  number={1},
  pages={442--443},
  year={2003},
  publisher={Oxford University Press}
}

@article{klinge2019ribosome,
  title={Ribosome assembly coming into focus},
  author={Klinge, Sebastian and Woolford, John L},
  journal={Nature Reviews Molecular Cell Biology},
  volume={20},
  number={2},
  pages={116--131},
  year={2019},
  publisher={Nature Publishing Group}
}

@article{sogin1987structural,
  title={Structural Diversity of Eukaryotic Small Subunit Ribosomal RNAs a: Evolutionary Implications},
  author={Sogin, Mitchell L and Gunderson, John H},
  journal={Annals of the New York Academy of Sciences},
  volume={503},
  number={1},
  pages={125--139},
  year={1987},
  publisher={Wiley Online Library}
}

@article{petrov2019structural,
  title={Structural patching fosters divergence of mitochondrial ribosomes},
  author={Petrov, Anton S and Wood, Elizabeth C and Bernier, Chad R and Norris, Ashlyn M and Brown, Alan and Amunts, Alexey},
  journal={Molecular biology and evolution},
  volume={36},
  number={2},
  pages={207--219},
  year={2019},
  publisher={Oxford University Press}
}

@article{paci2015major,
  title={Major centers of motion in the large ribosomal RNAs},
  author={Paci, Maxim and Fox, George E},
  journal={Nucleic acids research},
  volume={43},
  number={9},
  pages={4640--4649},
  year={2015},
  publisher={Oxford University Press}
}

@article{woese1977phylogenetic,
  title={Phylogenetic structure of the prokaryotic domain: the primary kingdoms},
  author={Woese, Carl R and Fox, George E},
  journal={Proceedings of the National Academy of Sciences},
  volume={74},
  number={11},
  pages={5088--5090},
  year={1977},
  publisher={National Acad Sciences}
}

@article{ban2000complete,
  title={The complete atomic structure of the large ribosomal subunit at 2.4 {\AA} resolution},
  author={Ban, Nenad and Nissen, Poul and Hansen, Jeffrey and Moore, Peter B and Steitz, Thomas A},
  journal={Science},
  volume={289},
  number={5481},
  pages={905--920},
  year={2000},
  publisher={American Association for the Advancement of Science}
}

@article{schluenzen2000structure,
  title={Structure of functionally activated small ribosomal subunit at 3.3 {\AA} resolution},
  author={Schluenzen, Frank and Tocilj, Ante and Zarivach, Raz and Harms, Joerg and Gluehmann, Marco and Janell, Daniela and Bashan, Anat and Bartels, Heike and Agmon, Ilana and Franceschi, Fran{\c{c}}ois and others},
  journal={Cell},
  volume={102},
  number={5},
  pages={615--623},
  year={2000},
  publisher={Elsevier}
}

@article{cocozaki2016resistance,
  title={Resistance mutations generate divergent antibiotic susceptibility profiles against translation inhibitors},
  author={Cocozaki, Alexis I and Altman, Roger B and Huang, Jian and Buurman, Ed T and Kazmirski, Steven L and Doig, Peter and Prince, D Bryan and Blanchard, Scott C and Cate, Jamie HD and Ferguson, Andrew D},
  journal={Proceedings of the National Academy of Sciences},
  volume={113},
  number={29},
  pages={8188--8193},
  year={2016},
  publisher={National Acad Sciences}
}

@article{chwastyk2021nascent,
  title={Nascent Folding of Proteins Across the Three Domains of Life},
  author={Chwastyk, Mateusz and Cieplak, Marek},
  journal={Frontiers in Molecular Biosciences},
  volume={8},
  pages={508},
  year={2021},
  publisher={Frontiers}
}

@article{wimberly2000structure,
  title={Structure of the 30S ribosomal subunit},
  author={Wimberly, Brian T and Brodersen, Ditlev E and Clemons, William M and Morgan-Warren, Robert J and Carter, Andrew P and Vonrhein, Clemens and Hartsch, Thomas and Ramakrishnan, V},
  journal={Nature},
  volume={407},
  number={6802},
  pages={327--339},
  year={2000},
  publisher={Nature Publishing Group}
}

@article{vazquez2008molecular,
  title={Molecular mechanism of drug-dependent ribosome stalling},
  author={Vazquez-Laslop, Nora and Thum, Celine and Mankin, Alexander S},
  journal={Molecular cell},
  volume={30},
  number={2},
  pages={190--202},
  year={2008},
  publisher={Elsevier}
}

@article{melnikov2018revising,
  title={Revising the structural diversity of ribosomal proteins across the three domains of life},
  author={Melnikov, Sergey and Manakongtreecheep, Kasidet and S{\"o}ll, Dieter},
  journal={Molecular biology and evolution},
  volume={35},
  number={7},
  pages={1588--1598},
  year={2018},
  publisher={Oxford University Press}
}

@article{liu2016intersubunit,
  title={Intersubunit bridges of the bacterial ribosome},
  author={Liu, Qi and Fredrick, Kurt},
  journal={Journal of molecular biology},
  volume={428},
  number={10},
  pages={2146--2164},
  year={2016},
  publisher={Elsevier}
}

@article{van2018dissecting,
  title={Dissecting ribosomal particles throughout the kingdoms of life using advanced hybrid mass spectrometry methods},
  author={Van De Waterbeemd, Michiel and Tamara, Sem and Fort, Kyle L and Damoc, Eugen and Franc, Vojtech and Bieri, Philipp and Itten, Martin and Makarov, Alexander and Ban, Nenad and Heck, Albert JR},
  journal={Nature communications},
  volume={9},
  number={1},
  pages={1--12},
  year={2018},
  publisher={Nature Publishing Group}
}

@article{moscovich2020cryo,
  title={Cryo-EM reconstruction of continuous heterogeneity by Laplacian spectral volumes},
  author={Moscovich, Amit and Halevi, Amit and And{\'e}n, Joakim and Singer, Amit},
  journal={Inverse Problems},
  volume={36},
  number={2},
  pages={024003},
  year={2020},
  publisher={IOP Publishing}
}

@inproceedings{anden2015covariance,
  title={Covariance estimation using conjugate gradient for 3D classification in cryo-EM},
  author={And{\'e}n, Joakim and Katsevich, Eugene and Singer, Amit},
  booktitle={2015 IEEE 12th International Symposium on Biomedical Imaging (ISBI)},
  pages={200--204},
  year={2015},
  organization={IEEE}
}

@article{penczek2011identifying,
  title={Identifying conformational states of macromolecules by eigen-analysis of resampled cryo-EM images},
  author={Penczek, Pawel A and Kimmel, Marek and Spahn, Christian MT},
  journal={Structure},
  volume={19},
  number={11},
  pages={1582--1590},
  year={2011},
  publisher={Elsevier}
}


@article{desai2017structure,
  title={The structure of the yeast mitochondrial ribosome},
  author={Desai, Nirupa and Brown, Alan and Amunts, Alexey and Ramakrishnan, V},
  journal={Science},
  volume={355},
  number={6324},
  pages={528--531},
  year={2017},
  publisher={American Association for the Advancement of Science}
}

@article{ban2014new,
  title={A new system for naming ribosomal proteins},
  author={Ban, Nenad and Beckmann, Roland and Cate, Jamie HD and Dinman, Jonathan D and Dragon, Fran{\c{c}}ois and Ellis, Steven R and Lafontaine, Denis LJ and Lindahl, Lasse and Liljas, Anders and Lipton, Jeffrey M and others},
  journal={Current opinion in structural biology},
  volume={24},
  pages={165--169},
  year={2014},
  publisher={Elsevier}
}

@article{sanbonmatsu2019large,
  title={Large-scale simulations of nucleoprotein complexes: ribosomes, nucleosomes, chromatin, chromosomes and CRISPR},
  author={Sanbonmatsu, Karissa Y},
  journal={Current opinion in structural biology},
  volume={55},
  pages={104--113},
  year={2019},
  publisher={Elsevier}
}

@article{bock2018molecular,
  title={Molecular simulations of the ribosome and associated translation factors},
  author={Bock, Lars V and Kol{\'a}{\v{r}}, Michal H and Grubm{\"u}ller, Helmut},
  journal={Current opinion in structural biology},
  volume={49},
  pages={27--35},
  year={2018},
  publisher={Elsevier}
}

@article{amunts2015structure,
  title={The structure of the human mitochondrial ribosome},
  author={Amunts, Alexey and Brown, Alan and Toots, Jaan and Scheres, Sjors HW and Ramakrishnan, V},
  journal={Science},
  volume={348},
  number={6230},
  pages={95--98},
  year={2015},
  publisher={American Association for the Advancement of Science}
}

@article{brown2018ribosomes,
  title={Ribosomes and cryo-EM: a duet},
  author={Brown, Alan and Shao, Sichen},
  journal={Current opinion in structural biology},
  volume={52},
  pages={1--7},
  year={2018},
  publisher={Elsevier}
}

@article{pfeffer2016organization,
  title={Organization of the native ribosome--translocon complex at the mammalian endoplasmic reticulum membrane},
  author={Pfeffer, Stefan and Dudek, Johanna and Zimmermann, Richard and F{\"o}rster, Friedrich},
  journal={Biochimica et Biophysica Acta (BBA)-General Subjects},
  volume={1860},
  number={10},
  pages={2122--2129},
  year={2016},
  publisher={Elsevier}
}

@article{earl2017cryo,
  title={Cryo-EM: beyond the microscope},
  author={Earl, Lesley A and Falconieri, Veronica and Milne, Jacqueline LS and Subramaniam, Sriram},
  journal={Current opinion in structural biology},
  volume={46},
  pages={71--78},
  year={2017},
  publisher={Elsevier}
}

@article{ferretti2019does,
  title={Does functional specialization of ribosomes really exist?},
  author={Ferretti, Max B and Karbstein, Katrin},
  journal={Rna},
  volume={25},
  number={5},
  pages={521--538},
  year={2019},
  publisher={Cold Spring Harbor Lab}
}

@article{bieri2018high,
  title={High-resolution structures of mitochondrial ribosomes and their functional implications},
  author={Bieri, Philipp and Greber, Basil J and Ban, Nenad},
  journal={Current opinion in structural biology},
  volume={49},
  pages={44--53},
  year={2018},
  publisher={Elsevier}
}

@article{sharma2003structure,
  title={Structure of the mammalian mitochondrial ribosome reveals an expanded functional role for its component proteins},
  author={Sharma, Manjuli R and Koc, Emine C and Datta, Partha P and Booth, Timothy M and Spremulli, Linda L and Agrawal, Rajendra K},
  journal={Cell},
  volume={115},
  number={1},
  pages={97--108},
  year={2003},
  publisher={Elsevier}
}

@article{greber2016structure,
  title={Structure and function of the mitochondrial ribosome},
  author={Greber, Basil J and Ban, Nenad},
  journal={Annual review of biochemistry},
  volume={85},
  pages={103--132},
  year={2016},
  publisher={Annual Reviews}
}

@article{ramrath2018evolutionary,
  title={Evolutionary shift toward protein-based architecture in trypanosomal mitochondrial ribosomes},
  author={Ramrath, David JF and Niemann, Moritz and Leibundgut, Marc and Bieri, Philipp and Prange, C{\'e}line and Horn, Elke K and Leitner, Alexander and Boehringer, Daniel and Schneider, Andr{\'e} and Ban, Nenad},
  journal={Science},
  volume={362},
  number={6413},
  pages={eaau7735},
  year={2018},
  publisher={American Association for the Advancement of Science}
}

@article{gilbert2004three,
  title={Three-dimensional structures of translating ribosomes by Cryo-EM},
  author={Gilbert, Robert JC and Fucini, Paola and Connell, Sean and Fuller, Stephen D and Nierhaus, Knud H and Robinson, Carol V and Dobson, Christopher M and Stuart, David I},
  journal={Molecular cell},
  volume={14},
  number={1},
  pages={57--66},
  year={2004},
  publisher={Elsevier}
}

@article{waltz2019small,
  title={Small is big in Arabidopsis mitochondrial ribosome},
  author={Waltz, Florent and Nguyen, Tan-Trung and Arriv{\'e}, Mathilde and Bochler, Anthony and Chicher, Johana and Hammann, Philippe and Kuhn, Lauriane and Quadrado, Martine and Mireau, Hakim and Hashem, Yaser and others},
  journal={Nature plants},
  volume={5},
  number={1},
  pages={106--117},
  year={2019},
  publisher={Nature Publishing Group}
}

@article{schaffer2019cryo,
  title={A cryo-FIB lift-out technique enables molecular-resolution cryo-ET within native Caenorhabditis elegans tissue},
  author={Schaffer, Miroslava and Pfeffer, Stefan and Mahamid, Julia and Kleindiek, Stephan and Laugks, Tim and Albert, Sahradha and Engel, Benjamin D and Rummel, Andreas and Smith, Andrew J and Baumeister, Wolfgang and others},
  journal={Nature methods},
  volume={16},
  number={8},
  pages={757--762},
  year={2019},
  publisher={Nature Publishing Group}
}

@article{robinson2007molecular,
  title={The molecular sociology of the cell},
  author={Robinson, Carol V and Sali, Andrej and Baumeister, Wolfgang},
  journal={Nature},
  volume={450},
  number={7172},
  pages={973--982},
  year={2007},
  publisher={Nature Publishing Group}
}

@article{sagan1967origin,
  title={On the origin of mitosing cells},
  author={Sagan, Lynn},
  journal={Journal of theoretical biology},
  volume={14},
  number={3},
  pages={225--IN6},
  year={1967},
  publisher={Elsevier}
}

@article{musalgaonkar2014ribosomes,
  title={Ribosomes in the balance: structural equilibrium ensures translational fidelity and proper gene expression},
  author={Musalgaonkar, Sharmishtha and Moomau, Christine A and Dinman, Jonathan D},
  journal={Nucleic acids research},
  volume={42},
  number={21},
  pages={13384--13392},
  year={2014},
  publisher={Oxford University Press}
}

@article{tomal2019update,
  title={An Update on Mitochondrial Ribosome Biology: The Plant Mitoribosome in the Spotlight},
  author={Tomal, Artur and Kwasniak-Owczarek, Malgorzata and Janska, Hanna},
  journal={Cells},
  volume={8},
  number={12},
  pages={1562},
  year={2019},
  publisher={Multidisciplinary Digital Publishing Institute}
}

@article{zhang2016structures,
  title={Structures and stabilization of kinetoplastid-specific split rRNAs revealed by comparing leishmanial and human ribosomes},
  author={Zhang, Xing and Lai, Mason and Chang, Winston and Yu, Iris and Ding, Ke and Mrazek, Jan and Ng, Hwee L and Yang, Otto O and Maslov, Dmitri A and Zhou, Z Hong},
  journal={Nature communications},
  volume={7},
  number={1},
  pages={1--10},
  year={2016},
  publisher={Nature Publishing Group}
}

@article{hashem2013high,
  title={High-resolution cryo-electron microscopy structure of the Trypanosoma brucei ribosome},
  author={Hashem, Yaser and Des Georges, Amedee and Fu, Jie and Buss, Sarah N and Jossinet, Fabrice and Jobe, Amy and Zhang, Qin and Liao, Hstau Y and Grassucci, Robert A and Bajaj, Chandrajit and others},
  journal={Nature},
  volume={494},
  number={7437},
  pages={385--389},
  year={2013},
  publisher={Nature Publishing Group}
}

@article{soufari2020structure,
  title={Structure of the full kinetoplastids mitoribosome and insight on its large subunit maturation},
  author={Soufari, Heddy and Waltz, Florent and Parrot, Camila and Durrieu, St{\'e}phanie and Bochler, Anthony and Kuhn, Lauriane and Sissler, Marie and Hashem, Yaser},
  journal={bioRxiv},
  year={2020},
  publisher={Cold Spring Harbor Laboratory}
}

@article{razi2017impact,
  title={The impact of recent improvements in cryo-electron microscopy technology on the understanding of bacterial ribosome assembly},
  author={Razi, Aida and Britton, Robert A and Ortega, Joaquin},
  journal={Nucleic acids research},
  volume={45},
  number={3},
  pages={1027--1040},
  year={2017},
  publisher={Oxford University Press}
}

@article{gupta2020cryogan,
  title={CryoGAN: A New Reconstruction Paradigm for Single-particle Cryo-EM Via Deep Adversarial Learning},
  author={Gupta, Harshit and McCann, Michael T and Donati, Laurene and Unser, Michael},
  journal={BioRxiv},
  year={2020},
  publisher={Cold Spring Harbor Laboratory}
}

@inproceedings{zhong2020reconstructing,
  title={Reconstructing continuous distributions of 3D protein structure from cryo-EM images.},
  author={Zhong, Ellen D and Bepler, Tristan and Davis, Joseph H and Berger, Bonnie},
  booktitle={ICLR},
  year={2020}
}

@inproceedings{miolane2020estimation,
  title={Estimation of orientation and camera parameters from cryo-electron microscopy images with variational autoencoders and generative adversarial networks},
  author={Miolane, Nina and Poitevin, Fr{\'e}d{\'e}ric and Li, Yee-Ting and Holmes, Susan},
  booktitle={Proceedings of the IEEE/CVF Conference on Computer Vision and Pattern Recognition Workshops},
  pages={970--971},
  year={2020}
}

@article{shalev20162,
  title={2.8-{\AA} cryo-EM structure of the large ribosomal subunit from the eukaryotic parasite Leishmania},
  author={Shalev-Benami, Moran and Zhang, Yan and Matzov, Donna and Halfon, Yehuda and Zackay, Arie and Rozenberg, Haim and Zimmerman, Ella and Bashan, Anat and Jaffe, Charles L and Yonath, Ada and others},
  journal={Cell Reports},
  volume={16},
  number={2},
  pages={288--294},
  year={2016},
  publisher={Elsevier}
}

@article{oide2020energy,
  title={Energy landscape of domain motion in glutamate dehydrogenase deduced from cryo-electron microscopy},
  author={Oide, Mao and Kato, Takayuki and Oroguchi, Tomotaka and Nakasako, Masayoshi},
  journal={The FEBS journal},
  year={2020},
  publisher={Wiley Online Library}
}


@article{fu2016key,
  title={Key intermediates in ribosome recycling visualized by time-resolved cryoelectron microscopy},
  author={Fu, Ziao and Kaledhonkar, Sandip and Borg, Anneli and Sun, Ming and Chen, Bo and Grassucci, Robert A and Ehrenberg, M{\aa}ns and Frank, Joachim},
  journal={Structure},
  volume={24},
  number={12},
  pages={2092--2101},
  year={2016},
  publisher={Elsevier}
}

@article{fu2019structural,
  title={The structural basis for release-factor activation during translation termination revealed by time-resolved cryogenic electron microscopy},
  author={Fu, Ziao and Indrisiunaite, Gabriele and Kaledhonkar, Sandip and Shah, Binita and Sun, Ming and Chen, Bo and Grassucci, Robert A and Ehrenberg, M{\aa}ns and Frank, Joachim},
  journal={Nature communications},
  volume={10},
  number={1},
  pages={1--7},
  year={2019},
  publisher={Nature Publishing Group}
}

@article{kaledhonkar2019late,
  title={Late steps in bacterial translation initiation visualized using time-resolved cryo-EM},
  author={Kaledhonkar, Sandip and Fu, Ziao and Caban, Kelvin and Li, Wen and Chen, Bo and Sun, Ming and Gonzalez, Ruben L and Frank, Joachim},
  journal={Nature},
  volume={570},
  number={7761},
  pages={400--404},
  year={2019},
  publisher={Nature Publishing Group}
}

@article{waltz2020cryo,
  title={Cryo-EM structure of the RNA-rich plant mitochondrial ribosome},
  author={Waltz, Florent and Soufari, Heddy and Bochler, Anthony and Gieg{\'e}, Philippe and Hashem, Yaser},
  journal={Nature Plants},
  volume={6},
  number={4},
  pages={377--383},
  year={2020},
  publisher={Nature Publishing Group}
}

@article{behrmann2015structural,
  title={Structural snapshots of actively translating human ribosomes},
  author={Behrmann, Elmar and Loerke, Justus and Budkevich, Tatyana V and Yamamoto, Kaori and Schmidt, Andrea and Penczek, Pawel A and Vos, Matthijn R and B{\"u}rger, J{\"o}rg and Mielke, Thorsten and Scheerer, Patrick and others},
  journal={Cell},
  volume={161},
  number={4},
  pages={845--857},
  year={2015},
  publisher={Elsevier}
}

@article{melnikov2012one,
  title={One core, two shells: bacterial and eukaryotic ribosomes},
  author={Melnikov, Sergey and Ben-Shem, Adam and De Loubresse, Nicolas Garreau and Jenner, Lasse and Yusupova, Gulnara and Yusupov, Marat},
  journal={Nature structural \& molecular biology},
  volume={19},
  number={6},
  pages={560},
  year={2012},
  publisher={Nature Publishing Group}
}

@article{armache2013promiscuous,
  title={Promiscuous behaviour of archaeal ribosomal proteins: implications for eukaryotic ribosome evolution},
  author={Armache, Jean-Paul and Anger, Andreas M and Marquez, Viter and Franckenberg, Sibylle and Fr{\"o}hlich, Thomas and Villa, Elizabeth and Berninghausen, Otto and Thomm, Michael and Arnold, Georg J and Beckmann, Roland and others},
  journal={Nucleic acids research},
  volume={41},
  number={2},
  pages={1284--1293},
  year={2013},
  publisher={Oxford University Press}
}

@article{passos2015single,
  title={Single-particle cryoEM analysis at near-atomic resolution from several thousand asymmetric subunits},
  author={Passos, Dario Oliveira and Lyumkis, Dmitry},
  journal={Journal of structural biology},
  volume={192},
  number={2},
  pages={235--244},
  year={2015},
  publisher={Elsevier}
}


@article{tegunov2020multi,
  title={Multi-particle cryo-EM refinement with M visualizes ribosome-antibiotic complex at 3.7 {\AA} inside cells},
  author={Tegunov, Dimitry and Xue, Liang and Dienemann, Christian and Cramer, Patrick and Mahamid, Julia},
  journal={bioRxiv},
  year={2020},
  publisher={Cold Spring Harbor Laboratory}
}

@article{loveland2020cryo,
  title={Cryo-EM of elongating ribosome with EF-Tu‚Ä¢ GTP elucidates tRNA proofreading},
  author={Loveland, Anna B and Demo, Gabriel and Korostelev, Andrei A},
  journal={Nature},
  pages={1--6},
  year={2020},
  publisher={Nature Publishing Group}
}

@article{o2020cell,
  title={In-cell architecture of an actively transcribing-translating expressome},
  author={O'Reilly, Francis J and Xue, Liang and Graziadei, Andrea and Sinn, Ludwig and Lenz, Swantje and Tegunov, Dimitry and Bl{\"o}tz, Cedric and Hagen, Wim JH and Cramer, Patrick and St{\"u}lke, J{\"o}rg and others},
  journal={bioRxiv},
  year={2020},
  publisher={Cold Spring Harbor Laboratory}
}

@article{beck2016cryo,
  title={Cryo-electron tomography: can it reveal the molecular sociology of cells in atomic detail?},
  author={Beck, Martin and Baumeister, Wolfgang},
  journal={Trends in cell biology},
  volume={26},
  number={11},
  pages={825--837},
  year={2016},
  publisher={Elsevier}
}

@article{gold2017visualization,
  title={Visualization of cytosolic ribosomes on the surface of mitochondria by electron cryo-tomography},
  author={Gold, Vicki AM and Chroscicki, Piotr and Bragoszewski, Piotr and Chacinska, Agnieszka},
  journal={EMBO reports},
  volume={18},
  number={10},
  pages={1786--1800},
  year={2017},
  publisher={John Wiley \& Sons, Ltd}
}

@article{adio2018dynamics,
  title={Dynamics of ribosomes and release factors during translation termination in E. coli},
  author={Adio, Sarah and Sharma, Heena and Senyushkina, Tamara and Karki, Prajwal and Maracci, Cristina and Wohlgemuth, Ingo and Holtkamp, Wolf and Peske, Frank and Rodnina, Marina V},
  journal={Elife},
  volume={7},
  pages={e34252},
  year={2018},
  publisher={eLife Sciences Publications Limited}
}

@article{liljas2018enigmatic,
  title={The enigmatic ribosomal stalk},
  author={Liljas, Anders and Sanyal, Suparna},
  journal={Quarterly reviews of biophysics},
  volume={51},
  year={2018},
  publisher={Cambridge University Press}
}


@article{nikolaeva2019simplification,
  title={Simplification of ribosomes in bacteria with tiny genomes},
  author={Nikolaeva, Daria D and Gelfand, Mikhail S and Garushyants, Sofya K},
  journal={bioRxiv},
  pages={755876},
  year={2019},
  publisher={Cold Spring Harbor Laboratory}
}

@article{jarasch2012darc,
  title={The DARC site: a database of aligned ribosomal complexes},
  author={Jarasch, Alexander and Dziuk, Philipp and Becker, Thomas and Armache, Jean-Paul and Hauser, Andreas and Wilson, Daniel N and Beckmann, Roland},
  journal={Nucleic acids research},
  volume={40},
  number={D1},
  pages={D495--D500},
  year={2012},
  publisher={Oxford University Press}
}

@article{noeske2012structural,
  title={Structural basis for protein synthesis: snapshots of the ribosome in motion},
  author={Noeske, Jonas and Cate, Jamie HD},
  journal={Current opinion in structural biology},
  volume={22},
  number={6},
  pages={743--749},
  year={2012},
  publisher={Elsevier}
}

@article{lilleorg2019bacterial,
  title={Bacterial ribosome heterogeneity: Changes in ribosomal protein composition during transition into stationary growth phase},
  author={Lilleorg, Silva and Reier, Kaspar and Pulk, Arto and Liiv, Aivar and Tammsalu, Triin and Peil, Lauri and Cate, Jamie HD and Remme, Jaanus},
  journal={Biochimie},
  volume={156},
  pages={169--180},
  year={2019},
  publisher={Elsevier}
}

@article{barandun2019evolutionary,
  title={Evolutionary compaction and adaptation visualized by the structure of the dormant microsporidian ribosome},
  author={Barandun, Jonas and Hunziker, Mirjam and Vossbrinck, Charles R and Klinge, Sebastian},
  journal={Nature microbiology},
  volume={4},
  number={11},
  pages={1798--1804},
  year={2019},
  publisher={Nature Publishing Group}
}

@article{greber2012cryo,
  title={Cryo-EM structure of the archaeal 50S ribosomal subunit in complex with initiation factor 6 and implications for ribosome evolution},
  author={Greber, Basil J and Boehringer, Daniel and Godinic-Mikulcic, Vlatka and Crnkovic, Ana and Ibba, Michael and Weygand-Durasevic, Ivana and Ban, Nenad},
  journal={Journal of molecular biology},
  volume={418},
  number={3-4},
  pages={145--160},
  year={2012},
  publisher={Elsevier}
}

@article{bock2013energy,
  title={Energy barriers and driving forces in tRNA translocation through the ribosome},
  author={Bock, Lars V and Blau, Christian and Schr{\"o}der, Gunnar F and Davydov, Iakov I and Fischer, Niels and Stark, Holger and Rodnina, Marina V and Vaiana, Andrea C and Grubm{\"u}ller, Helmut},
  journal={Nature structural \& molecular biology},
  volume={20},
  number={12},
  pages={1390--1396},
  year={2013},
  publisher={Nature Publishing Group}
}

@article{genuth2018discovery,
  title={The discovery of ribosome heterogeneity and its implications for gene regulation and organismal life},
  author={Genuth, Naomi R and Barna, Maria},
  journal={Molecular cell},
  volume={71},
  number={3},
  pages={364--374},
  year={2018},
  publisher={Elsevier}
}

@incollection{scheres2016processing,
  title={Processing of structurally heterogeneous cryo-EM data in RELION},
  author={Scheres, Sjors HW},
  booktitle={Methods in enzymology},
  volume={579},
  pages={125--157},
  year={2016},
  publisher={Elsevier}
}

@article{sigworth2016principles,
  title={Principles of cryo-EM single-particle image processing},
  author={Sigworth, Fred J},
  journal={Microscopy},
  volume={65},
  number={1},
  pages={57--67},
  year={2016},
  publisher={Oxford University Press}
}

@article{nakane2018characterisation,
  title={Characterisation of molecular motions in cryo-EM single-particle data by multi-body refinement in RELION},
  author={Nakane, Takanori and Kimanius, Dari and Lindahl, Erik and Scheres, Sjors HW},
  journal={Elife},
  volume={7},
  pages={e36861},
  year={2018},
  publisher={eLife Sciences Publications Limited}
}

@article{scheres2012relion,
  title={RELION: implementation of a Bayesian approach to cryo-EM structure determination},
  author={Scheres, Sjors HW},
  journal={Journal of structural biology},
  volume={180},
  number={3},
  pages={519--530},
  year={2012},
  publisher={Elsevier}
}

@article{fischer2010ribosome,
  title={Ribosome dynamics and tRNA movement by time-resolved electron cryomicroscopy},
  author={Fischer, Niels and Konevega, Andrey L and Wintermeyer, Wolfgang and Rodnina, Marina V and Stark, Holger},
  journal={Nature},
  volume={466},
  number={7304},
  pages={329},
  year={2010},
  publisher={Nature Publishing Group}
}

@article{frank2017time,
  title={Time-resolved cryo-electron microscopy: Recent progress},
  author={Frank, Joachim},
  journal={Journal of structural biology},
  volume={200},
  number={3},
  pages={303--306},
  year={2017},
  publisher={Elsevier}
}

@article{punjani2017cryosparc,
  title={cryoSPARC: algorithms for rapid unsupervised cryo-EM structure determination},
  author={Punjani, Ali and Rubinstein, John L and Fleet, David J and Brubaker, Marcus A},
  journal={Nature methods},
  volume={14},
  number={3},
  pages={290},
  year={2017},
  publisher={Nature Publishing Group}
}

@article{uniprot2021uniprot,
    title = {UniProt: the universal protein knowledgebase in 2021},
    author = {{The UniProt Consortium}},
    journal = {Nucleic Acids Research},
    volume = {49},
    number = {D1},
    pages = {D480-D489},
    year={2021}
    abstract = "{The aim of the UniProt Knowledgebase is to provide users with a comprehensive, high-quality and freely accessible set of protein sequences annotated with functional information. In this article, we describe significant updates that we have made over the last two years to the resource. The number of sequences in UniProtKB has risen to approximately 190 million, despite continued work to reduce sequence redundancy at the proteome level. We have adopted new methods of assessing proteome completeness and quality. We continue to extract detailed annotations from the literature to add to reviewed entries and supplement these in unreviewed entries with annotations provided by automated systems such as the newly implemented Association-Rule-Based Annotator (ARBA). We have developed a credit-based publication submission interface to allow the community to contribute publications and annotations to UniProt entries. We describe how UniProtKB responded to the COVID-19 pandemic through expert curation of relevant entries that were rapidly made available to the research community through a dedicated portal. UniProt resources are available under a CC-BY (4.0) license via the web at https://www.uniprot.org/.}",
    issn = {0305-1048},
    doi = {10.1093/nar/gkaa1100},
    url = {https://doi.org/10.1093/nar/gkaa1100},
    eprint = {https://academic.oup.com/nar/article-pdf/49/D1/D480/35364103/gkaa1100.pdf},
}

@article{mistry2021pfam,
  title={Pfam: The protein families database in 2021},
  author={Mistry, Jaina and Chuguransky, Sara and Williams, Lowri and Qureshi, Matloob and Salazar, Gustavo A and Sonnhammer, Erik LL and Tosatto, Silvio CE and Paladin, Lisanna and Raj, Shriya and Richardson, Lorna J and others},
  journal={Nucleic acids research},
  volume={49},
  number={D1},
  pages={D412--D419},
  year={2021},
  publisher={Oxford University Press}
}

@article{tek2016mmb,
  title={MMB-GUI: a fast morphing method demonstrates a possible ribosomal tRNA translocation trajectory},
  author={Tek, Alex and Korostelev, Andrei A and Flores, Samuel Coulbourn},
  journal={Nucleic acids research},
  volume={44},
  number={1},
  pages={95--105},
  year={2016},
  publisher={Oxford University Press}
}

@article{kucukelbir2014quantifying,
  title={Quantifying the local resolution of cryo-EM density maps},
  author={Kucukelbir, Alp and Sigworth, Fred J and Tagare, Hemant D},
  journal={Nature methods},
  volume={11},
  number={1},
  pages={63--65},
  year={2014},
  publisher={Nature Publishing Group}
}

@book{ramakrishnan2018gene,
  title={Gene Machine: the race to decipher the secrets of the ribosome},
  author={Ramakrishnan, Venki},
  year={2018},
  publisher={Basic Books}
}

@article{lyumkis2013likelihood,
  title={Likelihood-based classification of cryo-EM images using FREALIGN},
  author={Lyumkis, Dmitry and Brilot, Axel F and Theobald, Douglas L and Grigorieff, Nikolaus},
  journal={Journal of structural biology},
  volume={183},
  number={3},
  pages={377--388},
  year={2013},
  publisher={Elsevier}
}

@article{lyumkis2019challenges,
  title={Challenges and opportunities in cryo-EM single-particle analysis},
  author={Lyumkis, Dmitry},
  journal={Journal of Biological Chemistry},
  volume={294},
  number={13},
  pages={5181--5197},
  year={2019},
  publisher={ASBMB}
}

@article{quast2012silva,
  title={The SILVA ribosomal RNA gene database project: improved data processing and web-based tools},
  author={Quast, Christian and Pruesse, Elmar and Yilmaz, Pelin and Gerken, Jan and Schweer, Timmy and Yarza, Pablo and Peplies, J{\"o}rg and Gl{\"o}ckner, Frank Oliver},
  journal={Nucleic acids research},
  volume={41},
  number={D1},
  pages={D590--D596},
  year={2012},
  publisher={Oxford University Press}
}


@article{tagare2015,
  title={Directly reconstructing principal components of heterogeneous particles from cryo-EM images.},
  author={Tagare HD, Kucukelbir A, Sigworth FJ, Wang H, Rao M},
  journal={J Struct Biol.},
  volume={191},
  pages={245-262},
  year={2015}
}

@article{hassan2022ratchet,
  title={Ratchet, swivel, tilt and roll: A complete description of subunit rotation in the ribosome},
  author={Hassan, Asem and Byju, Sandra and Freitas, Frederico Campos and Roc, Claude and Pender, Nisaa and Nguyen, Kien and Kimbrough, Evelyn M and Mattingly, Jacob and Gonzalez, Ruben L and de Oliveira, Ronaldo Junio and others},
  journal={bioRxiv},
  year={2022},
  publisher={Cold Spring Harbor Laboratory}
}



@article{sehnal2021mol,
  title={Mol* Viewer: modern web app for 3D visualization and analysis of large biomolecular structures},
  author={Sehnal, David and Bittrich, Sebastian and Deshpande, Mandar and Svobodov{\'a}, Radka and Berka, Karel and Bazgier, V{\'a}clav and Velankar, Sameer and Burley, Stephen K and Ko{\v{c}}a, Jaroslav and Rose, Alexander S},
  journal={Nucleic Acids Research},
  year={2021}
}

@article{ban2014new,
  title={A new system for naming ribosomal proteins},
  author={Ban, Nenad and Beckmann, Roland and Cate, Jamie HD and Dinman, Jonathan D and Dragon, Fran{\c{c}}ois and Ellis, Steven R and Lafontaine, Denis LJ and Lindahl, Lasse and Liljas, Anders and Lipton, Jeffrey M and others},
  journal={Current opinion in structural biology},
  volume={24},
  pages={165--169},
  year={2014},
  publisher={Elsevier}
}

@article{poitevin2020structural,
  title={Structural Heterogeneities of the Ribosome: New Frontiers and Opportunities for Cryo-EM},
  author={Poitevin, Fr{\'e}d{\'e}ric and Kushner, Artem and Li, Xinpei and Dao Duc, Khanh},
  journal={Molecules},
  volume={25},
  number={18},
  pages={4262},
  year={2020},
  publisher={Multidisciplinary Digital Publishing Institute}
}


@article{burley2019rcsb,
  title={RCSB Protein Data Bank: biological macromolecular structures enabling research and education in fundamental biology, biomedicine, biotechnology and energy},
  author={Burley, Stephen K and Berman, Helen M and Bhikadiya, Charmi and Bi, Chunxiao and Chen, Li and Di Costanzo, Luigi and Christie, Cole and Dalenberg, Ken and Duarte, Jose M and Dutta, Shuchismita and others},
  journal={Nucleic acids research},
  volume={47},
  number={D1},
  pages={D464--D474},
  year={2019},
  publisher={Oxford University Press}
}


@article{berman2000protein,
  title={The protein data bank},
  author={Berman, Helen M and Westbrook, John and Feng, Zukang and Gilliland, Gary and Bhat, Talapady N and Weissig, Helge and Shindyalov, Ilya N and Bourne, Philip E},
  journal={Nucleic acids research},
  volume={28},
  number={1},
  pages={235--242},
  year={2000},
  publisher={Oxford University Press}
}
@article{schoch2020ncbi,
  title={NCBI Taxonomy: a comprehensive update on curation, resources and tools},
  author={Schoch, Conrad L and Ciufo, Stacy and Domrachev, Mikhail and Hotton, Carol L and Kannan, Sivakumar and Khovanskaya, Rogneda and Leipe, Detlef and Mcveigh, Richard and O‚ÄôNeill, Kathleen and Robbertse, Barbara and others},
  journal={Database},
  volume={2020},
  year={2020},
  publisher={Oxford Academic}
}
@article{rose2021rcsb,
  title={RCSB Protein Data Bank: architectural advances towards integrated searching and efficient access to macromolecular structure data from the PDB archive},
  author={Rose, Yana and Duarte, Jose M and Lowe, Robert and Segura, Joan and Bi, Chunxiao and Bhikadiya, Charmi and Chen, Li and Rose, Alexander S and Bittrich, Sebastian and Burley, Stephen K and others},
  journal={Journal of molecular biology},
  volume={433},
  number={11},
  pages={166704},
  year={2021},
  publisher={Elsevier}
}

@article{chapman2000biopython,
  title={Biopython: Python tools for computational biology},
  author={Chapman, Brad and Chang, Jeffrey},
  journal={ACM Sigbio Newsletter},
  volume={20},
  number={2},
  pages={15--19},
  year={2000},
  publisher={ACM New York, NY, USA}
}
